<record><leader>01331cam a2200349 a 4500</leader><controlfield tag="001">1390692</controlfield><controlfield tag="005">19910425111950.3</controlfield><controlfield tag="008">910719s1985    it a              0 ukr d</controlfield><datafield ind1=" " ind2=" " tag="010"><subfield code="a">   87145980 //r91</subfield></datafield><datafield ind1=" " ind2=" " tag="035"><subfield code="a">ocm18106647</subfield></datafield><datafield ind1=" " ind2=" " tag="040"><subfield code="a">DLC</subfield><subfield code="b">eng</subfield><subfield code="c">DLC</subfield><subfield code="d">DLC</subfield></datafield><datafield ind1="0" ind2=" " tag="041"><subfield code="a">ukrpol</subfield></datafield><datafield ind1=" " ind2=" " tag="043"><subfield code="a">e-pl---</subfield></datafield><datafield ind1=" " ind2=" " tag="049"><subfield code="a">AEU</subfield><subfield code="b">eng</subfield></datafield><datafield ind1="0" ind2="0" tag="050"><subfield code="a">BX4710.25</subfield><subfield code="b">.P35 1985</subfield></datafield><datafield ind1="0" ind2=" " tag="090"><subfield code="a">BX 4710.25 P185 1985</subfield></datafield><datafield ind1="0" ind2="0" tag="245"><subfield code="a">[Pam'i&#865;atka arkhii&#865;ere&#301;s&#697;kykh vidvidyn].</subfield></datafield><datafield ind1=" " ind2=" " tag="260"><subfield code="a">Roma :</subfield><subfield code="b">Tip. Romagrafik,</subfield><subfield code="c">[1985?]</subfield></datafield><datafield ind1=" " ind2=" " tag="300"><subfield code="a">167 p. :</subfield><subfield code="b">col. ill. ;</subfield><subfield code="c">22 cm.</subfield></datafield><datafield ind1=" " ind2=" " tag="336"><subfield code="a">text</subfield><subfield code="b">txt</subfield><subfield code="2">rdacontent</subfield></datafield><datafield ind1=" " ind2=" " tag="337"><subfield code="a">unmediated</subfield><subfield code="b">n</subfield><subfield code="2">rdamedia</subfield></datafield><datafield ind1=" " ind2=" " tag="338"><subfield code="a">volume</subfield><subfield code="b">nc</subfield><subfield code="2">rdacarrier</subfield></datafield><datafield ind1=" " ind2=" " tag="500"><subfield code="a">Text partly in Polish.</subfield></datafield><datafield ind1=" " ind2=" " tag="500"><subfield code="a">"Pastyrs&#697;ki vidvidyny virnykh skhidnoho obri&#865;adu v Pol&#697;shchi Arkhii&#865;epyskopa Myroslava Marusyna, Sekretari&#865;a Kongregat&#865;si&#239; Skhidnykh T&#865;Serkov"--Intro.</subfield></datafield><datafield ind1=" " ind2=" " tag="596"><subfield code="a">38</subfield></datafield><datafield ind1="1" ind2="0" tag="600"><subfield code="a">Marusyn, Myroslav.</subfield></datafield><datafield ind1="2" ind2="0" tag="610"><subfield code="a">Catholic Church</subfield><subfield code="x">Oriental rites</subfield><subfield code="z">Poland</subfield><subfield code="v">Pastoral letters and charges.</subfield></datafield><datafield ind1="2" ind2="0" tag="610"><subfield code="a">Catholic Church</subfield><subfield code="z">Poland</subfield><subfield code="x">History</subfield><subfield code="y">20th century.</subfield></datafield><datafield ind1=" " ind2="0" tag="650"><subfield code="a">Visitations, Ecclesiastical</subfield><subfield code="z">Poland.</subfield></datafield><datafield ind1=" " ind2="0" tag="651"><subfield code="a">Poland</subfield><subfield code="x">Church history</subfield><subfield code="y">20th century.</subfield></datafield><datafield ind1="1" ind2=" " tag="700"><subfield code="a">Marusyn, Myroslav.</subfield></datafield><datafield ind1=" " ind2=" " tag="926"><subfield code="a">BX 4710.25 P185 1985</subfield><subfield code="w">LC</subfield><subfield code="c">1</subfield><subfield code="i">000037532785</subfield><subfield code="l">ON_SHELF</subfield><subfield code="m">UABARD</subfield><subfield code="p">$150.00</subfield><subfield code="r">Y</subfield><subfield code="s">Y</subfield><subfield code="t">BOOK</subfield><subfield code="u">9/6/1991</subfield><subfield code="o">.STAFF. A0060873</subfield></datafield></record>